%% This BibTeX bibliography file was created using BibDesk.
%% http://bibdesk.sourceforge.net/

%% Created for Simon Bogutzky at 2016-08-16 16:36:36 +0200 


%% Saved with string encoding Unicode (UTF-8) 


@article{Keller2011,
	Author = {Keller, Johannes and Bless, Herbert and Blomann, Frederik and Kleinb{\"{o}}hl, Dieter},
	Doi = {10.1016/j.jesp.2011.02.004},
	Journal = {Journal of Experimental Social Psychology},
	Pages = {849--852},
	Title = {{Physiological Aspects of Flow Experiences: Skills-Demand-Compatibility Effects on Heart Rate Variability and Salivary Cortisol}},
	Volume = {47},
	Year = {2011}}

@article{Tozman2015,
	Author = {Tozman, Tahmine and Magdas, Elisabeth S. and MacDougall, Hamish G. and Vollmeyer, Regina},
	Doi = {10.1016/j.chb.2015.06.023},
	Journal = {Computers in Human Behavior},
	Pages = {408--418},
	Title = {{Understanding the Psychophysiology of Flow: A Driving Simulator Experiment to Investigate the Relationship between Flow and Heart Rate Variability}},
	Volume = {52},
	Year = {2015}}

@article{Peifer2014,
	Author = {Peifer, Corinna and Schulz, Andr{\'{e}} and Sch{\"{a}}chinger, Hartmut and Baumann, Nicola and Antoni, Conny H.},
	Doi = {10.1016/j.jesp.2014.01.009},
	Journal = {Journal of Experimental Social Psychology},
	Pages = {62--69},
	Title = {{The Relation of Flow-Experience and Physiological Arousal under Stress --- Can U Shape It?}},
	Volume = {53},
	Year = {2014}}

@article{DeManzano2010,
	Author = {de Manzano, {\"{O}}rjan and Theorell, T{\"{o}}res and Harmat, L{\'{a}}szl{\'{o}} and Ull{\'{e}}n, Fredrik},
	Doi = {10.1037/a0018432},
	Journal = {Emotion},
	Pages = {301--311},
	Title = {{The Psychophysiology of Flow during Piano Playing.}},
	Volume = {10},
	Year = {2010}}

@article{Jimenez-Torres2013,
	Author = {Jim{\'{e}}nez-Torres, Manuel G. and Godoy-Izquierdo, D{\'{e}}bora and Ram{\'{i}}rez, Mar{\'{i}}a J. and Navarr{\'{o}}n, Estefan{\'{i}}a and {Godoy Garc{\'{i}}a}, Juan F.},
	Journal = {Annuary of Clinical and Health Psychology},
	Pages = {73--77},
	Title = {{Flow in marathon runners before, during and after the competition}},
	Volume = {9},
	Year = {2013}}

@article{Reinhardt2006,
	Author = {Reinhardt, Christian and Lau, Andreas and Hottenrott, Kuno and Stoll, Oliver},
	Doi = {10.1026/1612-5010.13.4.140},
	Journal = {Zeitschrift f{\"{u}}r Sportpsychologie},
	Pages = {140--146},
	Title = {{Flow-Erleben unter kontrollierter Beanspruchungssteuerung}},
	Volume = {13},
	Year = {2006}}

@incollection{Rheinberg2003,
	Address = {G{\"{o}}ttingen},
	Author = {Rheinberg, Falko and Vollmeyer, Regina and Engeser, Stefan},
	Booktitle = {Diagnostik von Motivation und Selbstkonzept},
	Editor = {Stiensmeier-Pelster, Joachim and Rheinberg, Falko},
	Isbn = {978-3-8017-1674-5},
	Pages = {261--279},
	Publisher = {Hogrefe Verlag},
	Title = {{Die Erfassung des Flow-Erlebens}},
	Year = {2003}}

@article{Stoll2005,
	Author = {Stoll, Oliver and Lau, Andreas},
	Doi = {10.1026/1612-5010.12.3.75},
	Journal = {Zeitschrift f{\"{u}}r Sportpsychologie},
	Pages = {75--82},
	Title = {{Flow-Erleben beim Marathonlauf}},
	Volume = {12},
	Year = {2005}}
	
@article{Strohrmann2013,
	Author = {Strohrmann, Christina and Seiter, Julia and Llorca, Yurima and Tr{\"{o}}ster, Gerhard},
	Doi = {10.1016/j.procs.2013.06.123},
	Journal = {Procedia Computer Science},
	Pages = {902--907},
	Title = {{Can Smartphones Help with Running Technique?}},
	Volume = {19},
	Year = {2013}}
	
@article{Strohrmann2013a,
	Author = {Strohrmann, Christina and Tr{\"{o}}ster, Gerhard},
	Doi = {10.1145/2541649},
	Journal = {XRDS: Crossroads, The ACM Magazine for Students},
	Pages = {18--23},
	Title = {{Quantified performance}},
	Volume = {20},
	Year = {2013}}	

@article{Strohrmann2014,
	Author = {Strohrmann, Christina and Seiter, Julia and Tr{\"{o}}ster, Gerhard},
	Doi = {10.5383/JUSPN.05.01.004},
	Journal = {Journal of Ubiquitous Systems {\&} Pervasive Networks},
	Pages = {25--31},
	Title = {{Feedback Provision on Running Technique with a Smartphone}},
	Volume = {5},
	Year = {2014}}

@article{Novacheck1998,
	Author = {Novacheck, Tom F.},
	Doi = {10.1016/S0966-6362(97)00038-6},
	Journal = {Gait {\&} Posture},
	Pages = {77--95},
	Title = {{The biomechanics of running}},
	Volume = {7},
	Year = {1998}}

@inproceedings{Hajinejad2013,
	Author = {Hajinejad, Nassrin and Vatterrott, Heide-Rose and Gr\"{u}ter, Barbara and Bogutzky, Simon},
	Doi = {10.1145/2544114.2544130},
	Crossref = {am2013},
	Pages = {1--6},
	Title = {GangKlang: Designing Walking Experiences}}

@inproceedings{Hajinejad2015,
	Author = {Hajinejad, Nassrin and Gr\"{u}ter, Barbara and Roque, Licino and Bogutzky, Simon},
	Crossref = {am2015},
	Title = {Facilitating a Movement-oriented Walking Experience through Sonic Interaction}}
	
@inproceedings{Nylander2014,
	Author = {Nylander, Stina and Tholander, Jakob and Mueller, Florian F. and Marshall, Joe},
	Doi = {10.1145/2559206.2559223},
	Crossref = {chiea14},
	Pages = {115--118},
	Title = {{HCI and Sports}}}
	
@inproceedings{Jensen2014,
	Author = {Jensen, Mads M{\o}ller and Mueller, Florian F.},
	Crossref = {ozchi14},
	Doi = {10.1145/2686612.2686696},
	Pages = {527--530},
	Title = {{Running with technology}}}

@report{WorldHealthOrganization1948,
	Address = {New York},
	Author = {{International Health Conference}},
	Institution = {World Health Organization},
	Isbn = {92-4-160002-0},
	Pages = {1--143},
	Publisher = {United Nations, World Health Organization, Interim Commission},
	Title = {Summary report on proceedings, minutes and final acts of the International Health Conference held in New York from 19 June to 22 July 1946},
	Type = {Summary},
	Year = {1948}}

@article{Schuler2009,
	Author = {Sch{\"{u}}ler, Julia and Brunner, Sibylle},
	Doi = {10.1016/j.psychsport.2008.07.001},
	Journal = {Psychology of Sport and Exercise},
	Pages = {168--174},
	Title = {{The Rewarding Effect of Flow Experience on Performance in a Marathon Race}},
	Volume = {10},
	Year = {2009}}
	
@article{Harmat2015,
	Author = {Harmat, L{\'{a}}szl{\'{o}} and de Manzano, {\"{O}}rjan and Theorell, T{\"{o}}res and H{\"{o}}gman, Lennart and Fischer, H{\aa}kan and Ull{\'{e}}n, Fredrik},
	Doi = {10.1016/j.ijpsycho.2015.05.001},
	Journal = {International Journal of Psychophysiology},
	Number = {1},
	Pages = {1--7},
	Title = {{Physiological correlates of the flow experience during computer game playing}},
	volume = {97},
	year = {2015}}

@incollection{Csikszentmihalyi2005,
	Address = {New York},
	Author = {Csikszentmihalyi, Mihaly and Abuhamdeh, Sami and Nakamura, Jeanne},
	Booktitle = {Handbook of competence and motivation},
	Editor = {Elliot, Andrew J. and Dweck, Carol S.},
	Isbn = {1-59385-123-5},
	Pages = {598--608},
	Publisher = {Guilford Publications},
	Title = {{Flow}},
	Year = {2005}}
	
@incollection{Cooper2002,
	Address = {London},
	Author = {Cooper, Geoff},
	Booktitle = {Wireless World},
	Editor = {Brown, Barry and Green, Nicola and Harper, Richard},
	Isbn = {978-1-85233-477-2},
	Pages = {19--31},
	Publisher = {Springer},
	Title = {{The Mutable Mobile: Social Theory in the Wireless World}},
	Year = {2002}}

@incollection{Disselhorst-Klug2015,
	Address = {Berlin},
	Author = {Disselhorst-Klug, Catherine and Besdo, Silke and Oehler, Simone},
	Booktitle = {Biomedizinische Technik - Rehabilitationstechnik Band 10},
	Editor = {Kraft, Marc and Disselhorst-Klug, Catherine},
	Isbn = {978-3-11-025208-8},
	Pages = {53--88},
	Publisher = {Walter de Gruyter},
	Title = {{Biomechanik des muskuloskelettalen Systems}},
	Year = {2015}}

@incollection{Riemer2015,
	Address = {Berlin},
	Author = {Riemer, Robert and Disselhorst-Klug, Catherine and Schmidt, Henning and Nef, Tobias},
	Booktitle = {Biomedizinische Technik - Rehabilitationstechnik Band 10},
	Editor = {Kraft, Marc and Disselhorst-Klug, Catherine},
	Isbn = {978-3-11-025208-8},
	Pages = {446--489},
	Publisher = {Walter de Gruyter},
	Title = {{Therapie- und Assistenzsystem f{\"{u}}r die Bewegungsrehabilitation}},
	Year = {2015}}

@phdthesis{Henk2014,
	Author = {Henk, Florian},
	Pages = {339},
	School = {Technische Universit{\"{a}}t Carolo-Wilhelmina zu Braunschweig},
	Title = {{Auf der Suche nach der Wissenschaft von Flow}},
	Type = {Dissertation},
	Year = {2014}}

@book{Csikszentmihalyi2010,
	Address = {Stuttgart},
	Author = {Csikszentmihalyi, Mihaly},
	Edition = {11},
	Isbn = {978-3-608-95338-1},
	Pages = {254},
	Publisher = {Klett-Cotta},
	Title = {{Das flow-Erlebnis}},
	Year = {2010}}

@book{Jackson1999,
	Address = {Champaign},
	Author = {Jackson, Susan A. and Csikszentmihalyi, Mihaly},
	Edition = {11},
	Isbn = {0-88011-876-8},
	Pages = {192},
	Publisher = {Human Kinetics},
	Title = {{Flow in Sports}},
	Year = {1999}}
	
@book{Roth2005,
	Address = {Heidelberg},
	Author = {Roth, J{\"{o}}rg},
	Edition = {2},
	Isbn = {3-89864-366-2},
	Pages = {494},
	Publisher = {dpunkt.verlag},
	Title = {{Mobile Computing: Grundlagen, Technik, Konzepte}},
	Year = {2005}}
	
@book{Winter2009,
	Address = {New Jersey},
	Author = {Winter, David A.},
	Edition = {4},
	Isbn = {978-0-470-39818-0},
	Pages = {384},
	Publisher = {John Wiley {\&} Sons},
	Title = {{Biomechanics and Motor Control of Human Movement}},
	Year = {2009}}	

@book{Marquardt2011,
	Address = {Hamburg},
	Author = {Marquardt, Matthias},
	Edition = {10},
	Isbn = {978-3-936376-50-0},
	Pages = {512},
	Publisher = {spomedis},
	Title = {{Die Laufbibel}},
	Year = {2011}}

@book{Bartlett2007,
	Address = {New York},
	Author = {Bartlett, Roger},
	Edition = {2},
	Isbn = {978-0-415-33993-3},
	Pages = {320},
	Publisher = {Taylor {\&} Francis},
	Title = {{Introduction to Sports Biomechanics: Analysing Human Movement Patterns}},
	Year = {2007}}

@proceedings{am2013,
	Address = {New York},
	Booktitle = {Proceedings of the 8th Audio Mostly Conference},
	Isbn = {978-1-4503-2659-9},
	Location = {Pite{\aa}, Sweden},
	Publisher = {ACM},
	Series = {AM '13},
	Title = {Proceedings of the 8th Audio Mostly Conference},
	Year = {2013}}

@proceedings{am2015,
	Address = {New York},
	Booktitle = {Proceedings of the 10th Audio Mostly Conference},
	Location = {Norrk{\"o}ping, Sweden},
	Publisher = {ACM},
	Series = {AM '16},
	Title = {Proceedings of the 10th Audio Mostly Conference},
	Year = {2016}}
	
@proceedings{chiea14,
	Address = {New York},
	Booktitle = {Proceedings of the extended abstracts of the 32nd annual ACM conference on Human factors in computing systems},
	Location = {Toronto},
	Publisher = {ACM},
	Series = {CHI EA '14},
	Title = {Proceedings of the extended abstracts of the 32nd annual ACM conference on Human factors in computing systems},
	Year = {2014}}	

@proceedings{ozchi14,
	Address = {New York},
	Booktitle = {Proceedings of the 26th Australian Computer-Human Interaction Conference on Designing Futures the Future of Design},
	Location = {Sydney},
	Publisher = {ACM},
	Series = {OzCHI '14},
	Title = {Proceedings of the 26th Australian Computer-Human Interaction Conference on Designing Futures the Future of Design},
	Year = {2014}}

@misc{DigitalSportsGroupatthePatternRecognitionLab,
	Author = {{Digital Sports Group at the Pattern Recognition Lab}},
	Publisher = {Friedrich-Alexander-Universit{\"{a}}t Erlangen-N{\"{u}}rnberg},
	Title = {{Digital Sports}},
	Url = {https://www5.cs.fau.de/research/areas/digital-sports/},
	Year = {2016}}


